@book{gradshteyn2014,
  title={Table of Integrals, Series, and Products},
  author={Gradshteyn, I.S. and Ryzhik, I.M.},
  year={2014},
  publisher={Academic Press},
  doi={\url{https://doi.org/10.1016/C2010-0-64839-5}}
}

@BOOK{Jackson1998,
       author = {{Jackson}, John David},
        title = "{Classical Electrodynamics, 3rd Edition}",
         year = 1998,
         publisher={Wiley}
}

